%%
@article{kassler1966mir,
	title={Toward musical information retrieval},
	author={Kassler, Michael},
	journal={Perspectives of New Music},
	pages={59--67},
	year={1966},
	publisher={JSTOR}
}
@inproceedings{downie2014mirex,
	title={Ten years of MIREX: reflections, challenges and opportunities},
	author={Downie, J Stephen and Hu, Xiao and Lee, Jin Ha and Choi, Kahyun and Cunningham, Sally Jo and Hao, Yun},
	booktitle={Proceedings of the 15th International Society for Music Information Retrieval {(ISMIR)} Conference},
	pages={657--662},
	year={2014},
	organization={ISMIR}
}

@inproceedings{Scholz2016mirex,
	author    = {Ricardo Scholz and
	Geber Ramalho and
	Giordano Cabral},
	title     = {Cross Task Study on {MIREX} Recent Results: An Index for Evolution
	Measurement and Some Stagnation Hypotheses},
	booktitle = {Proceedings of the 17th International Society for Music Information
	Retrieval {(ISMIR)} Conference},
	pages     = {372--378},
	year      = {2016},
	crossref  = {DBLP:conf/ismir/2016},
	url       = {https://wp.nyu.edu/ismir2016/wp-content/uploads/sites/2294/2016/07/054_Paper.pdf},
	timestamp = {Thu, 08 Sep 2016 13:32:51 +0200},
	biburl    = {http://dblp.uni-trier.de/rec/bib/conf/ismir/ScholzRC16},
	bibsource = {dblp computer science bibliography, http://dblp.org}
}

@book{russell2009ai,
	title={Artificial intelligence: a modern approach (3rd Edition)},
	author={Russell, Stuart J and Norvig, Peter},
	year={2009},
	publisher={$\{$Pearson US Imports \& PHIPEs$\}$}
}
@inproceedings{bittner2014medleydb,
	title={MedleyDB: A Multitrack Dataset for Annotation-Intensive MIR Research.},
	author={Bittner, Rachel M and Salamon, Justin and Tierney, Mike and Mauch, Matthias and Cannam, Chris and Bello, Juan Pablo},
	booktitle={ISMIR},
	volume={14},
	pages={155--160},
	year={2014}
}
@misc{lecun1998mnist,
	title={The MNIST database of handwritten digits},
	author={LeCun, Yann and Cortes, Corinna and Burges, Christopher JC},
	year={1998}
}
@article{berthelot2017began,
	title={BEGAN: Boundary Equilibrium Generative Adversarial Networks},
	author={Berthelot, David and Schumm, Tom and Metz, Luke},
	journal={arXiv preprint arXiv:1703.10717},
	year={2017}
}
@article{maaten2008tsne,
	title={Visualizing data using t-SNE},
	author={Maaten, Laurens van der and Hinton, Geoffrey},
	journal={Journal of Machine Learning Research},
	volume={9},
	number={Nov},
	pages={2579--2605},
	year={2008}
}
@inproceedings{chen2016infogan,
	title={Infogan: Interpretable representation learning by information maximizing generative adversarial nets},
	author={Chen, Xi and Duan, Yan and Houthooft, Rein and Schulman, John and Sutskever, Ilya and Abbeel, Pieter},
	booktitle={Advances in Neural Information Processing Systems},
	pages={2172--2180},
	year={2016}
}
@article{kim2017discogan,
	title={Learning to Discover Cross-Domain Relations with Generative Adversarial Networks},
	author={Kim, Taeksoo and Cha, Moonsu and Kim, Hyunsoo and Lee, Jungkwon and Kim, Jiwon},
	journal={arXiv preprint arXiv:1703.05192},
	year={2017}
}
@article{engel2017nsynth,
	title={Neural Audio Synthesis of Musical Notes with WaveNet Autoencoders},
	author={Engel, Jesse and Resnick, Cinjon and Roberts, Adam and Dieleman, Sander and Eck, Douglas and Simonyan, Karen and Norouzi, Mohammad},
	journal={arXiv preprint arXiv:1704.01279},
	year={2017}
}
@article{goto2003rwc,
	title={RWC music database: Music genre database and musical instrument sound database},
	author={Goto, Masataka and Hashiguchi, Hiroki and Nishimura, Takuichi and Oka, Ryuichi},
	year={2003},
	publisher={Johns Hopkins University}
}
@inproceedings{humphrey2011nlse,
	title={Non-linear semantic embedding for organizing large instrument sample libraries},
	author={Humphrey, Eric J and Glennon, Aron P and Bello, Juan Pablo},
	booktitle={Machine Learning and Applications and Workshops (ICMLA), 2011 10th International Conference on},
	volume={2},
	pages={142--147},
	year={2011},
	organization={IEEE}
}
@inproceedings{molina2014humming,
	author = {Molina, Emilio and Tard{\'o}n, Lorenzo J and Barbancho, Isabel and Barbancho, Ana M},
	title = {{The Importance of F0 Tracking in Query-by-singing-humming.}},
	booktitle = {The 15th International Society for Music Information Retrieval {(ISMIR)} Conference},
	year = {2014}
}

@article{casey2008mir,
	author = {Casey, M A and Veltkamp, R and Goto, M and Leman, M and Rhodes, C and Slaney, M},
	title = {{Content-Based Music Information Retrieval: Current Directions and Future Challenges}},
	journal = {Proceedings of the IEEE},
	year = {2008},
	volume = {96},
	number = {4},
	pages = {668--696},
	month = dec
}
@article{mescheder2017adversarial,
	title={Adversarial Variational Bayes: Unifying Variational Autoencoders and Generative Adversarial Networks},
	author={Mescheder, Lars and Nowozin, Sebastian and Geiger, Andreas},
	journal={arXiv preprint arXiv:1701.04722},
	year={2017}
}
@inproceedings{sigtia2014lm,
	title={An RNN-based music language model for improving automatic music transcription},
	author={Sigtia, Siddharth and Benetos, Emmanouil and Cherla, Srikanth and Weyde, Tillman and Garcez, A and Dixon, Simon},
	booktitle={Proceedings of the 15th International Society for Music Information Retrieval {(ISMIR)} Conference},
	pages={53--58},
	year={2014},
	organization={International Society for Music Information Retrieval}
}
@inproceedings{schorkhuber2010cqt,
	title={Constant-Q transform toolbox for music processing},
	author={Sch{\"o}rkhuber, Christian and Klapuri, Anssi},
	booktitle={7th Sound and Music Computing Conference, Barcelona, Spain},
	pages={3--64},
	year={2010}
}
@inproceedings{mauch2014pyin,
	title={pYIN: A fundamental frequency estimator using probabilistic threshold distributions},
	author={Mauch, Matthias and Dixon, Simon},
	booktitle={Acoustics, Speech and Signal Processing (ICASSP), 2014 IEEE International Conference on},
	pages={659--663},
	year={2014},
	organization={IEEE}
}
@article{klapuri2003multiple,
	title={Multiple fundamental frequency estimation based on harmonicity and spectral smoothness},
	author={Klapuri, Anssi P},
	journal={IEEE Transactions on Speech and Audio Processing},
	volume={11},
	number={6},
	pages={804--816},
	year={2003},
	publisher={IEEE}
}
@article{emiya2010multipitch,
	title={Multipitch estimation of piano sounds using a new probabilistic spectral smoothness principle},
	author={Emiya, Valentin and Badeau, Roland and David, Bertrand},
	journal={IEEE Transactions on Audio, Speech, and Language Processing},
	volume={18},
	number={6},
	pages={1643--1654},
	year={2010},
	publisher={IEEE}
}
@article{raczynski2013dynamic,
	title={Dynamic Bayesian networks for symbolic polyphonic pitch modeling},
	author={Raczy{\'n}ski, Stanis{\l}aw A and Vincent, Emmanuel and Sagayama, Shigeki},
	journal={IEEE Transactions on Audio, Speech, and Language Processing},
	volume={21},
	number={9},
	pages={1830--1840},
	year={2013},
	publisher={IEEE}
}
@article{sigtia2016endtoend,
	title={An end-to-end neural network for polyphonic piano music transcription},
	author={Sigtia, Siddharth and Benetos, Emmanouil and Dixon, Simon},
	journal={IEEE/ACM Transactions on Audio, Speech and Language Processing (TASLP)},
	volume={24},
	number={5},
	pages={927--939},
	year={2016},
	publisher={IEEE Press}
}
@inproceedings{dubois2005harmonic,
	title={Harmonic tracking using sequential Monte Carlo},
	author={Dubois, Corentin and Davy, Manuel},
	booktitle={Statistical Signal Processing, 2005 IEEE/SP 13th Workshop on},
	pages={1292--1297},
	year={2005},
	organization={IEEE}
}
@article{cemgil2006generative,
	title={A generative model for music transcription},
	author={Cemgil, Ali Taylan and Kappen, Hilbert J and Barber, David},
	journal={IEEE Transactions on Audio, Speech, and Language Processing},
	volume={14},
	number={2},
	pages={679--694},
	year={2006},
	publisher={IEEE}
}
%%


@inproceedings{lecun1995lenet,
	title={Comparison of learning algorithms for handwritten digit recognition},
	author={LeCun, Yann and Jackel, LD and Bottou, Leon and Brunot, A and Cortes, Corinna and Denker, JS and Drucker, Harris and Guyon, I and Muller, UA and Sackinger, Eduard and others},
	booktitle={International conference on artificial neural networks},
	volume={60},
	pages={53--60},
	year={1995},
	organization={Perth, Australia}
}
@article{fernandez2013ai,
	title={AI methods in algorithmic composition: A comprehensive survey},
	author={Fern{\'a}ndez, Jose D and Vico, Francisco},
	journal={Journal of Artificial Intelligence Research},
	volume={48},
	pages={513--582},
	year={2013}
}

@inproceedings{krizhevsky2012imagenet,
	title={Imagenet classification with deep convolutional neural networks},
	author={Krizhevsky, Alex and Sutskever, Ilya and Hinton, Geoffrey E},
	booktitle={Advances in neural information processing systems},
	pages={1097--1105},
	year={2012}
}
@article{mehri2016samplernn,
	title={SampleRNN: An Unconditional End-to-End Neural Audio Generation Model},
	author={Mehri, Soroush and Kumar, Kundan and Gulrajani, Ishaan and Kumar, Rithesh and Jain, Shubham and Sotelo, Jose and Courville, Aaron and Bengio, Yoshua},
	journal={arXiv preprint arXiv:1612.07837},
	year={2016}
}
@book{cook2002synthesis,
	title={Real sound synthesis for interactive applications},
	author={Cook, Perry R},
	year={2002},
	publisher={CRC Press}
}
@book{patel2010musiclanguage,
	title={Music, language, and the brain},
	author={Patel, Aniruddh D},
	year={2010},
	publisher={Oxford university press}
}
@article{simonyan2014vgg,
	title={Very deep convolutional networks for large-scale image recognition},
	author={Simonyan, Karen and Zisserman, Andrew},
	journal={arXiv preprint arXiv:1409.1556},
	year={2014}
}

@inproceedings{szegedy2015googlenet,
	title={Going deeper with convolutions},
	author={Szegedy, Christian and Liu, Wei and Jia, Yangqing and Sermanet, Pierre and Reed, Scott and Anguelov, Dragomir and Erhan, Dumitru and Vanhoucke, Vincent and Rabinovich, Andrew},
	booktitle={Proceedings of the IEEE Conference on Computer Vision and Pattern Recognition},
	pages={1--9},
	year={2015}
}

@inproceedings{he2016resnet,
	title={Deep residual learning for image recognition},
	author={He, Kaiming and Zhang, Xiangyu and Ren, Shaoqing and Sun, Jian},
	booktitle={Proceedings of the IEEE Conference on Computer Vision and Pattern Recognition},
	pages={770--778},
	year={2016}
}

@inproceedings{long2015fully,
	title={Fully convolutional networks for semantic segmentation},
	author={Long, Jonathan and Shelhamer, Evan and Darrell, Trevor},
	booktitle={Proceedings of the IEEE Conference on Computer Vision and Pattern Recognition},
	pages={3431--3440},
	year={2015}
}

@article{hochreiter1997lstm,
	title={Long short-term memory},
	author={Hochreiter, Sepp and Schmidhuber, J{\"u}rgen},
	journal={Neural computation},
	volume={9},
	number={8},
	pages={1735--1780},
	year={1997},
	publisher={MIT Press}
}

@article{cho2014seq2seq,
	title={Learning phrase representations using RNN encoder-decoder for statistical machine translation},
	author={Cho, Kyunghyun and Van Merri{\"e}nboer, Bart and Gulcehre, Caglar and Bahdanau, Dzmitry and Bougares, Fethi and Schwenk, Holger and Bengio, Yoshua},
	journal={arXiv preprint arXiv:1406.1078},
	year={2014}
}

@inproceedings{sutskever2014seq2seq,
	title={Sequence to sequence learning with neural networks},
	author={Sutskever, Ilya and Vinyals, Oriol and Le, Quoc V},
	booktitle={Advances in neural information processing systems},
	pages={3104--3112},
	year={2014}
}

@article{wu2016google,
	title={Google's Neural Machine Translation System: Bridging the Gap between Human and Machine Translation},
	author={Wu, Yonghui and Schuster, Mike and Chen, Zhifeng and Le, Quoc V and Norouzi, Mohammad and Macherey, Wolfgang and Krikun, Maxim and Cao, Yuan and Gao, Qin and Macherey, Klaus and others},
	journal={arXiv preprint arXiv:1609.08144},
	year={2016}
}

@article{mnih2015dqn,
	title={Human-level control through deep reinforcement learning},
	author={Mnih, Volodymyr and Kavukcuoglu, Koray and Silver, David and Rusu, Andrei A and Veness, Joel and Bellemare, Marc G and Graves, Alex and Riedmiller, Martin and Fidjeland, Andreas K and Ostrovski, Georg and others},
	journal={Nature},
	volume={518},
	number={7540},
	pages={529--533},
	year={2015},
	publisher={Nature Research}
}
@book{sutton1998reinforcement,
	title={Reinforcement learning: An introduction},
	author={Sutton, Richard S and Barto, Andrew G},
	volume={1},
	number={1},
	year={1998},
	publisher={MIT press Cambridge}
}

@article{mnih2013atari,
	title={Playing atari with deep reinforcement learning},
	author={Mnih, Volodymyr and Kavukcuoglu, Koray and Silver, David and Graves, Alex and Antonoglou, Ioannis and Wierstra, Daan and Riedmiller, Martin},
	journal={arXiv preprint arXiv:1312.5602},
	year={2013}
}
@article{silver2016alphago,
	title={Mastering the game of Go with deep neural networks and tree search},
	author={Silver, David and Huang, Aja and Maddison, Chris J and Guez, Arthur and Sifre, Laurent and Van Den Driessche, George and Schrittwieser, Julian and Antonoglou, Ioannis and Panneershelvam, Veda and Lanctot, Marc and others},
	journal={Nature},
	volume={529},
	number={7587},
	pages={484--489},
	year={2016},
	publisher={Nature Publishing Group}
}
@article{mahendran2016deepdream,
	title={Visualizing deep convolutional neural networks using natural pre-images},
	author={Mahendran, Aravindh and Vedaldi, Andrea},
	journal={International Journal of Computer Vision},
	volume={120},
	number={3},
	pages={233--255},
	year={2016},
	publisher={Springer}
}

@article{gatys2015style,
	title={A neural algorithm of artistic style},
	author={Gatys, Leon A and Ecker, Alexander S and Bethge, Matthias},
	journal={arXiv preprint arXiv:1508.06576},
	year={2015}
}

%
@article{linnainmaa1970ad,
	title={The representation of the cumulative rounding error of an algorithm as a Taylor expansion of the local rounding errors},
	author={Linnainmaa, Seppo},
	journal={Master's Thesis (in Finnish), Univ. Helsinki},
	pages={6--7},
	year={1970}
}

@incollection{werbos1982backpropagation,
	title={Applications of advances in nonlinear sensitivity analysis},
	author={Werbos, Paul J},
	booktitle={System modeling and optimization},
	pages={762--770},
	year={1982},
	publisher={Springer}
}

@article{williams1986backpropagation,
	title={Learning representations by back-propagating errors},
	author={Williams, DRGHR and Hinton, Geoffrey},
	journal={Nature},
	volume={323},
	number={6088},
	pages={533--538},
	year={1986}
}

@article{duchi2011adagrad,
	title={Adaptive subgradient methods for online learning and stochastic optimization},
	author={Duchi, John and Hazan, Elad and Singer, Yoram},
	journal={Journal of Machine Learning Research},
	volume={12},
	number={Jul},
	pages={2121--2159},
	year={2011}
}

@article{tieleman2012rmsprop,
	title={Lecture 6.5-rmsprop: Divide the gradient by a running average of its recent magnitude},
	author={Tieleman, Tijmen and Hinton, Geoffrey},
	journal={COURSERA: Neural networks for machine learning},
	volume={4},
	number={2},
	year={2012}
}
@article{zeiler2012adadelta,
	title={ADADELTA: an adaptive learning rate method},
	author={Zeiler, Matthew D},
	journal={arXiv preprint arXiv:1212.5701},
	year={2012}
}
@article{kingma2014adam,
	title={Adam: A method for stochastic optimization},
	author={Kingma, Diederik and Ba, Jimmy},
	journal={arXiv preprint arXiv:1412.6980},
	year={2014}
}
@article{koushik2016eve,
	title={Improving Stochastic Gradient Descent with Feedback},
	author={Koushik, Jayanth and Hayashi, Hiroaki},
	journal={arXiv preprint arXiv:1611.01505},
	year={2016}
}
@article{bengio2007greedy,
	title={Greedy layer-wise training of deep networks},
	author={Bengio, Yoshua and Lamblin, Pascal and Popovici, Dan and Larochelle, Hugo and others},
	journal={Advances in neural information processing systems},
	volume={19},
	pages={153},
	year={2007},
	publisher={MIT; 1998}
}
@article{erhan2010pretraining,
	title={Why does unsupervised pre-training help deep learning?},
	author={Erhan, Dumitru and Bengio, Yoshua and Courville, Aaron and Manzagol, Pierre-Antoine and Vincent, Pascal and Bengio, Samy},
	journal={Journal of Machine Learning Research},
	volume={11},
	number={Feb},
	pages={625--660},
	year={2010}
}
@inproceedings{glorot2010initialization,
	title={Understanding the difficulty of training deep feedforward neural networks.},
	author={Glorot, Xavier and Bengio, Yoshua},
	year={2010}
}
@inproceedings{he2015prelu,
	title={Delving deep into rectifiers: Surpassing human-level performance on imagenet classification},
	author={He, Kaiming and Zhang, Xiangyu and Ren, Shaoqing and Sun, Jian},
	booktitle={Proceedings of the IEEE international conference on computer vision},
	pages={1026--1034},
	year={2015}
}
@inproceedings{nair2010relu,
	title={Rectified linear units improve restricted boltzmann machines},
	author={Nair, Vinod and Hinton, Geoffrey E},
	booktitle={Proceedings of the 27th international conference on machine learning (ICML-10)},
	pages={807--814},
	year={2010}
}
@article{xu2015leakyrelu,
	title={Empirical evaluation of rectified activations in convolutional network},
	author={Xu, Bing and Wang, Naiyan and Chen, Tianqi and Li, Mu},
	journal={arXiv preprint arXiv:1505.00853},
	year={2015}
}
@article{jin2015srelu,
	title={Deep learning with s-shaped rectified linear activation units},
	author={Jin, Xiaojie and Xu, Chunyan and Feng, Jiashi and Wei, Yunchao and Xiong, Junjun and Yan, Shuicheng},
	journal={arXiv preprint arXiv:1512.07030},
	year={2015}
}


@article{srivastava2014dropout,
	title={Dropout: a simple way to prevent neural networks from overfitting.},
	author={Srivastava, Nitish and Hinton, Geoffrey E and Krizhevsky, Alex and Sutskever, Ilya and Salakhutdinov, Ruslan},
	journal={Journal of Machine Learning Research},
	volume={15},
	number={1},
	pages={1929--1958},
	year={2014}
}
@article{ioffe2015batchnorm,
	title={Batch normalization: Accelerating deep network training by reducing internal covariate shift},
	author={Ioffe, Sergey and Szegedy, Christian},
	journal={arXiv preprint arXiv:1502.03167},
	year={2015}
}

@article{bengio2009deeplearning,
	title={Learning deep architectures for AI},
	author={Bengio, Yoshua and others},
	journal={Foundations and trends{\textregistered} in Machine Learning},
	volume={2},
	number={1},
	pages={1--127},
	year={2009},
	publisher={Now Publishers, Inc.}
}

@article{ng2011sparse,
	title={Sparse autoencoder},
	author={Ng, Andrew},
	journal={CS294A Lecture notes},
	volume={72},
	number={2011},
	pages={1--19},
	year={2011}
}

@inproceedings{vincent2008denoising,
	title={Extracting and composing robust features with denoising autoencoders},
	author={Vincent, Pascal and Larochelle, Hugo and Bengio, Yoshua and Manzagol, Pierre-Antoine},
	booktitle={Proceedings of the 25th international conference on Machine learning},
	pages={1096--1103},
	year={2008},
	organization={ACM}
}

@inproceedings{rifai2011contractive,
	title={Contractive auto-encoders: Explicit invariance during feature extraction},
	author={Rifai, Salah and Vincent, Pascal and Muller, Xavier and Glorot, Xavier and Bengio, Yoshua},
	booktitle={Proceedings of the 28th international conference on machine learning (ICML-11)},
	pages={833--840},
	year={2011}
}

@article{kingma2013vae,
	title={Auto-encoding variational bayes},
	author={Kingma, Diederik P and Welling, Max},
	journal={arXiv preprint arXiv:1312.6114},
	year={2013}
}
@article{doersch2016tutorial,
	title={Tutorial on variational autoencoders},
	author={Doersch, Carl},
	journal={arXiv preprint arXiv:1606.05908},
	year={2016}
}


%%

@article{siedenburg2016comparison,
  title={A comparison of approaches to timbre descriptors in music information retrieval and music psychology},
  author={Siedenburg, Kai and Fujinaga, Ichiro and McAdams, Stephen},
  journal={Journal of New Music Research},
  volume={45},
  number={1},
  pages={27--41},
  year={2016},
  publisher={Taylor \& Francis}
}

@article{van2016wavenet,
	title={WaveNet: A Generative Model for Raw Audio},
	author={van den Oord, Aaron and Dieleman, Sander and Zen, Heiga and Simonyan, Karen and Vinyals, Oriol and Graves, Alex and Kalchbrenner, Nal and Senior, Andrew and Kavukcuoglu, Koray},
	journal={arXiv preprint arXiv:1609.03499},
	year={2016}
}

@inproceedings{humphrey2011nlse,
	title={Non-linear semantic embedding for organizing large instrument sample libraries},
	author={Humphrey, Eric J and Glennon, Aron P and Bello, Juan Pablo},
	booktitle={Machine Learning and Applications and Workshops (ICMLA), 2011 10th International Conference on},
	volume={2},
	pages={142--147},
	year={2011},
	organization={IEEE}
}

@inproceedings{mcfee2015muda,
	title={A Software Framework for Musical Data Augmentation.},
	author={McFee, Brian and Humphrey, Eric J and Bello, Juan Pablo},
	booktitle={The Proceedings of the 16th International Society for Music Information Retrieval {(ISMIR)} Conference},
	pages={248--254},
	year={2015}
}

@inproceedings{sarroff2014synthesis,
	title={Musical audio synthesis using autoencoding neural nets},
	author={Sarroff, Andy M and Casey, Michael A},
	booktitle={Music Technology meets Philosophy - From Digital Echos to Virtual
	Ethos: Joint Proceedings of the 40th International Computer Music
	Conference, {ICMC} 2014, and the 11th Sound and Music Computing Conference,
	{SMC} 2014, Athens, Greece, September 14-20, 2014}
	year={2014}
}

@article{nayebi2015gruv,
	title={GRUV: Algorithmic Music Generation using Recurrent Neural Networks},
	author={Nayebi, Aran and Vitelli, Matt},
	booktitle={Stanford {CS224d} class project},
	year={2015}
}

@article{kalingeri2016generation,
	title={Music Generation with Deep Learning},
	author={Kalingeri, Vasanth and Grandhe, Srikanth},
	journal={arXiv preprint arXiv:1612.04928},
	year={2016}
}


%%

@techreport{kleene1951representation,
	title={Representation of events in nerve nets and finite automata},
	author={Kleene, Stephen Cole},
	year={1951},
	institution={DTIC Document}
}

@book{rosenblatt1957perceptron,
	title={The perceptron, a perceiving and recognizing automaton Project Para},
	author={Rosenblatt, Frank},
	year={1957},
	publisher={Cornell Aeronautical Laboratory}
}


%%
@inproceedings{goodfellow2014gan,
	title={Generative adversarial nets},
	author={Goodfellow, Ian and Pouget-Abadie, Jean and Mirza, Mehdi and Xu, Bing and Warde-Farley, David and Ozair, Sherjil and Courville, Aaron and Bengio, Yoshua},
	booktitle={Advances in neural information processing systems},
	pages={2672--2680},
	year={2014}
}

@article{goodfellow2016gan,
	title={NIPS 2016 Tutorial: Generative Adversarial Networks},
	author={Goodfellow, Ian},
	journal={arXiv preprint arXiv:1701.00160},
	year={2016}
}

@inproceedings{denton2015lapgan,
	title={Deep Generative Image Models using a Laplacian Pyramid of Adversarial Networks},
	author={Denton, Emily L and Chintala, Soumith and Fergus, Rob and others},
	booktitle={Advances in neural information processing systems},
	pages={1486--1494},
	year={2015}
}

@article{radford2015dcgan,
	author = {Radford, Alec and Metz, Luke and Chintala, Soumith},
	title = {{Unsupervised Representation Learning with Deep Convolutional Generative Adversarial Networks}},
	journal = {arXiv preprint arXiv:1511.06434v2},
	year = {2015},
	eprint = {1511.06434v2},
	eprinttype = {arxiv},
	eprintclass = {cs.LG},
	month = nov
}

@article{mirza2014conditional,
	title={Conditional generative adversarial nets},
	author={Mirza, Mehdi and Osindero, Simon},
	journal={arXiv preprint arXiv:1411.1784},
	year={2014}
}

@inproceedings{chen2016infogan,
	title={Infogan: Interpretable representation learning by information maximizing generative adversarial nets},
	author={Chen, Xi and Duan, Yan and Houthooft, Rein and Schulman, John and Sutskever, Ilya and Abbeel, Pieter},
	booktitle={Advances in Neural Information Processing Systems},
	pages={2172--2180},
	year={2016}
}

@article{odena2016acgan,
	title={Conditional image synthesis with auxiliary classifier gans},
	author={Odena, Augustus and Olah, Christopher and Shlens, Jonathon},
	journal={arXiv preprint arXiv:1610.09585},
	year={2016}
}

@inproceedings{salimans2016improved,
	title={Improved techniques for training gans},
	author={Salimans, Tim and Goodfellow, Ian and Zaremba, Wojciech and Cheung, Vicki and Radford, Alec and Chen, Xi},
	booktitle={Advances in Neural Information Processing Systems},
	pages={2226--2234},
	year={2016}
}

@article{che2016mrgan,
	author = {Che, Tong and Li, Yanran and Jacob, Athul Paul and Bengio, Yoshua and Li, Wenjie},
	title = {{Mode Regularized Generative Adversarial Networks}},
	journal = {arXiv preprint arXiv:1612.02136},
	year = {2017},
	eprint = {1612.02136v5},
	eprinttype = {arxiv},
	eprintclass = {cs.LG}
}


@article{zhu2017unpaired,
	title={Unpaired Image-to-Image Translation using Cycle-Consistent Adversarial Networks},
	author={Zhu, Jun-Yan and Park, Taesung and Isola, Phillip and Efros, Alexei A},
	journal={arXiv preprint arXiv:1703.10593},
	year={2017}
}

@article{berthelot2017began,
	title={BEGAN: Boundary Equilibrium Generative Adversarial Networks},
	author={Berthelot, David and Schumm, Tom and Metz, Luke},
	journal={arXiv preprint arXiv:1703.10717},
	year={2017}
}

@article{arjovsky2017wasserstein,
	title={Wasserstein gan},
	author={Arjovsky, Martin and Chintala, Soumith and Bottou, L{\'e}on},
	journal={arXiv preprint arXiv:1701.07875},
	year={2017}
}
@article{pascual2017segan,
	title={SEGAN: Speech Enhancement Generative Adversarial Network},
	author={Pascual, Santiago and Bonafonte, Antonio and Serr{\`a}, Joan},
	journal={arXiv preprint arXiv:1703.09452},
	year={2017}
}
@article{dumoulin2016ali,
	title={Adversarially learned inference},
	author={Dumoulin, Vincent and Belghazi, Ishmael and Poole, Ben and Lamb, Alex and Arjovsky, Martin and Mastropietro, Olivier and Courville, Aaron},
	journal={arXiv preprint arXiv:1606.00704},
	year={2016}
}


%%
@article{wang2017tacotron,
	title={Tacotron: A Fully End-to-End Text-To-Speech Synthesis Model},
	author={Wang, Yuxuan and Skerry-Ryan, RJ and Stanton, Daisy and Wu, Yonghui and Weiss, Ron J and Jaitly, Navdeep and Yang, Zongheng and Xiao, Ying and Chen, Zhifeng and Bengio, Samy and others},
	journal={arXiv preprint arXiv:1703.10135},
	year={2017}
}
@article{blaauw2017singing,
	title={A Neural Parametric Singing Synthesizer},
	author={Blaauw, Merlijn and Bonada, Jordi},
	journal={arXiv preprint arXiv:1704.03809},
	year={2017}
}


%


@article{yang2017midinet,
	title={MidiNet: A Convolutional Generative Adversarial Network for Symbolic-domain Music Generation using 1D and 2D Conditions},
	author={Yang, Li-Chia and Chou, Szu-Yu and Yang, Yi-Hsuan},
	journal={arXiv preprint arXiv:1703.10847},
	year={2017}
}